<?xml version="1.0" encoding="UTF-8"?><collection xmlns="http://www.loc.gov/MARC21/slim"><record><leader>00478nam--2200145-i-4500</leader><controlfield tag="001">000017037</controlfield><controlfield tag="002">20161230</controlfield><controlfield tag="005">20170225192944</controlfield><controlfield tag="008">060222s1000------------r-----000-0-eng-d</controlfield><datafield ind1=" " ind2=" " tag="245"><subfield code="a">La diversification. Strategie de survie et de croissance. Exposes de troisieme cycle en gestion d entreprise des Universites Romandes</subfield></datafield><datafield ind1=" " ind2=" " tag="260"><subfield code="a">Laussanne</subfield><subfield code="b">Presses Polytechniques Romandes</subfield><subfield code="c">1982</subfield></datafield><datafield ind1=" " ind2=" " tag="300"><subfield code="a">222 p</subfield></datafield><datafield ind1=" " ind2=" " tag="700"><subfield code="a">Borschberg, Edwin</subfield></datafield><datafield ind1=" " ind2=" " tag="852"><subfield code="a">338</subfield></datafield><datafield ind1=" " ind2=" " tag="CAT"><subfield code="a">SYS</subfield><subfield code="c">20170225</subfield><subfield code="h">192944</subfield></datafield></record></collection>